@STRING{toappear = "To appear"}
@STRING{IROS = "Proc. of the IEEE/RSJ Intl. Conf. on 
                Intelligent Robots and Systems (IROS)"}
@STRING{ICRA = "Proc. of the IEEE Intl. Conf. on
                 Robotics and Automation (ICRA)"}
@STRING{ICAR = "Proc. of the Intl. Conf. on
                Advanced Robotics (ICAR)"}

@manual{gripman,
  title="Pioneer 2 Gripper Manual",
  organization="ActivMedia Robotics",
  note="\newline http://robots.activmedia.com/docs/all\_docs/gripmanP2\_3.pdf"
}

@manual{actsman,
  title="ACTS User Manual",
  organization="ActivMedia Robotics",
  note="\newline http://robots.activmedia.com/docs/all\_docs/ACTSman.pdf"
}

@inproceedings{GerkeyVaughan01a,
  author="Brian P. Gerkey and Richard T.~Vaughan and Kasper St\o{}y and Andrew 
           Howard and Gaurav S Sukhtame and Maja J Matari\'{c}",
  title="{Most Valuable Player: A Robot Device Server for Distributed Control}",
  booktitle = IROS,
  address = "Wailea, Hawaii",
  year = 2001,
  month=oct,
  pages = "1226--1231",
  url="http://fnord.usc.edu/internal/papers/GerkeyVaughan01a.ps.gz"
}

@inproceedings{GerkeyMataricSukhatme02,
  author="Brian P.~Gerkey and Maja J~Matari\'{c} and Gaurav S~Sukhatme",
  title="{Exploiting physical dynamics for concurrent control of a 
          mobile robot}",
 booktitle=ICRA,
 month=may,
 year=2002,
 address="Washington D.C.",
 pages="3467--3472"
}

@TECHREPORT{Vaughan00,
 TITLE="Stage: A Multiple Robot Simulator",
 author="Richard T.~Vaughan",
 number = "IRIS-00-394",
 institution="Institute for Robotics and Intelligent Systems, 
               School of Engineering, University of Southern California",
 month=dec,
 year=2000,
 note={\tt http://iris.usc.edu/\,$_{\tilde{}}$\,\,irislib}
}

@INPROCEEDINGS{fox01a,
  AUTHOR        = {Fox, D.},
  TITLE         = {{K}{L}{D}-Sampling: Adaptive Particle Filters},
  YEAR          = {2001},
  BOOKTITLE     = {Advances in Neural Information Processing Systems 14},
  PUBLISHER      = {MIT Press}
}

@article{thrun01a,
author = "Sebastian Thrun and Dieter Fox and Wolfram Burgard and Frank Dellaert",
title = "Robust {M}onte {C}arlo Localization for Mobile Robots",
journal = "Artificial Intelligence Journal",
year = "2001",
volume = 128,
number = "1--2",
pages = "99-141"
}

@inproceedings{VaughanGerkeyHoward03a,
  author="Richard T. Vaughan and Brian P. Gerkey and Andrew Howard",
  title="On device abstractions for portable, reusable robot code",
  booktitle=IROS,
  address="Las Vegas, Nevada",
  month=oct,
  year=2003,
  pages="2121--2427"
}

@inproceedings{GerkeyVaughanHoward03,
  author="Brian P. Gerkey and Richard T. Vaughan and Andrew Howard",
  title="{The Player/Stage Project: Tools for Multi-Robot and Distributed
          Sensor Systems}",
  booktitle =  ICAR,
  year =      2003,
  address =   "Coimbra, Portugal",
  month =     jul,
  pages="317--323"
}

@inproceedings{UlrichBorenstein98,
  author="Iwan Ulrich and Johann Borenstein",
  title="VFH+: Reliable Obstacle Avoidance for Fast Mobile Robots",
  booktitle = ICRA,
  address = "Leuven, Belgium",
  year = 1998,
  month=may,
  pages = "1572--1577"
}

