@STRING{SAB = "Proc. of the Intl. Conf. on 
               Simulation of Adaptive Behavior (SAB)"}
@STRING{CIRA = "Proc. of the IEEE Intl. Symp. on Computational Intelligence in 
                 Robotics and Automation (CIRA)"}
@STRING{ICRA = "Proc. of the IEEE Intl. Conf. on
                 Robotics and Automation (ICRA)"}
@STRING{IROS = "Proc. of the IEEE/RSJ Intl. Conf. on 
                Intelligent Robots and Systems (IROS)"}
@STRING{DARS4 = "Distributed Autonomous Robotic Systems 4"}
@STRING{AI = "Artificial Intelligence"}
@STRING{AR = "Autonomous Robots"}
@STRING{toappear = "To appear"}
@STRING{submitted = "Submitted"}

@article{ThrunFoxBurgardDellaert01,
  author="Sebastian Thrun and Dieter Fox and Wolfram Burgard and Frank 
          Dellaert",
  title="{Robust Monte Carlo Localization for Mobile Robots}",
  journal=AI,
  volume=128,
  number="1--2",
  pages="99--141",
  year=2001
}

@inproceedings{GerkeyVaughan01a,
  author="Brian P. Gerkey and Richard T.~Vaughan and Kasper St\o{}y and Andrew 
           Howard and Gaurav S Sukhtame and Maja J Matari\'{c}",
  title="{Most Valuable Player: A Robot Device Server for Distributed Control}",
  booktitle = IROS,
  address = "Wailea, Hawaii",
  year = 2001,
  month=oct,
  pages = "1226--1231",
  url="http://fnord.usc.edu/internal/papers/GerkeyVaughan01a.ps.gz"
}

@inproceedings{GerkeyMataricSukhatme02,
  author="Brian P.~Gerkey and Maja J~Matari\'{c} and Gaurav S~Sukhatme",
  title="{Exploiting physical dynamics for concurrent control of a 
          mobile robot}",
 booktitle=ICRA,
 month=may,
 year=2002,
 address="Washington D.C.",
 pages="3467--3472"
}

@incollection{Werger00,
  author="Barry Brian Werger",
  title="Ayllu: Distributed Port-Arbitrated Behavior-Based Control",
  booktitle=DARS4,
  editor="Lynne E.~Parker and George Bekey and Jacob Barhen",
  year=2000,
  address="Knoxville, Tennessee",
  month=oct,
  pages="25--34",
  publisher="Springer-Verlag",
  url="http://fnord.usc.edu/internal/papers/Werger00.ps.gz"
}

@inproceedings{Konolige97,
  author="Kurt Konolige",
  title="{{COLBERT}: A Language for Reactive Control in Saphira}",
  booktitle="Proceedings of the German Conf.~on Artificial Intellgence",
  year=1997,
  address="Freiburg, Germany",
  pages="31--52",
  url="http://fnord.usc.edu/internal/papers/Konolige97.pdf"
}

@article{MacKenzieArkinCameron97,
  author="Douglas C. MacKenzie and Ronald Arkin and Jonathan M. Cameron",
  title="{Multiagent Mission Specification and Execution}",
  journal=AR,
  volume=4,
  number=1,
  pages="29--52",
  month=mar,
  year=1997 
}

@phdthesis{balch98,
  author="Tucker Balch",
  title="Behavioral Diversity in Learning Robot Teams", 
  school="College of Computing, Georgia Institute of Technology", 
  mon=dec, 
  year=1998
}

@inproceedings{SibleyRahimiSukhatme02,
  author = "Gabriel T. Sibley and Mohammad H. Rahimi and Gaurav S. Sukhatme",
  title = "{Robomote: A Tiny Mobile Robot Platform for Large-Scale
            Ad-hoc Sensor Networks}",
  booktitle = ICRA,
  year = 2002,
  month=may,
  address="Washington D.C.",
  pages="1143--1148"
}

@inproceedings{MakarenkoWilliamsBourgault02,
 author = "Alexei Makarenko and Stefan Williams and Frederic Bourgault and
           Hugh F. Durrant-Whyte",
 title = "{An Experiment in Integrated Exploration}",
 booktitle = IROS,
 address= "Lausanne, Switzerland",
 year = 2002,
 month=oct,
 pages="534--539"
}

@inproceedings{BourgaultMakarenkoWilliams02,
  author = "Frederic Bourgault and Alexei Makarenko and Stefan Williams and
            Ben Grocholsky and Hugh F. Durrant-Whyte",
  title = "{Information Based Adaptive Robotic Exploration}",
  booktitle = IROS,
  address= "Lausanne, Switzerland",
  year = 2002,
 month=oct,
 pages="540--545"
}

@inproceedings{GrocholskyMakarenko03,
  author = "Ben Grocholsky and Alexei Makarenko and Hugh F. Durrant-Whyte",
  title = "{Information-Theoretic Coordinated Control of Multiple 
            Sensor Platforms}",
  booktitle = ICRA,
  address= "Taipei, Taiwan",
  year = 2003,
  month=sep,
  note=toappear
}

@inproceedings{GrocholskyMakarenkoKaupp03,
   author = "Ben Grocholsky and Alexei Makarenko and Tobias Kaupp and
             Hugh F. Durrant-Whyte",
   title = "{Scalable Control of Decentralised Sensor Platforms}",
   booktitle = "The 2nd International Workshop on Information Processing
in Sensor Networks (IPSN'03)",
   address= "Palo Alto, CA, USA",
   year = 2003,
   note=submitted
}

@inproceedings{MakarenkoKauppGrocholsky03,
  author = "Alexei Makarenko and Tobias Kaupp and Ben Grocholsky and
            Hugh F. Durrant-Whyte",
  title = "{Human-Robot Interactions in Active Sensor Networks}",
  booktitle = CIRA,
  address= "Kobe, Japan",
  year = 2003,
  note=submitted
}

@manual{ARIA,
  title="Aria Reference Manual 1.1.10",
  author="{ActivMedia Robotics, Inc.}",
  year=2002,
  month=nov,
}

@Article{JungSukhatme02,
  author = "Boyoon Jung and Gaurav S. Sukhatme",
  title = "{Tracking Targets using Multiple Robots: The Effect of
Environment Occlusion}",
  journal = AR,
  year = 2002,
  volume = 13,
  number = 3,
  pages = "191--205",
}

@InProceedings{SilvermanNiesJungSukhatme02,
  author = "Milo C. Silverman, Dan Nies, Boyoon Jung and Gaurav S. Sukhatme",
  title = "{Staying Alive: A Docking Station for Autonomous Robot Recharging}",
  booktitle = ICRA,
  pages =        "1050--1055",
  year =         2002,
  month=may,
  address="Washington D.C.",
}

@inproceedings{Dahl02,
author    = "T. S. Dahl and M. J. Matari\'c and G. S. Sukhatme",
title     = "Adaptive Spatio-Temporal Organization in Groups of Robots",
booktitle = IROS,
pages     = "1044--1049",
address   = "Lausanne, Switzerland",
month     = oct,
year      = 2002}     

@techreport{Dahl-cres02,
author      = "T. S. Dahl and M. J. Matari\'c and G. S. Sukhatme",
title       = "Scheduling with Group Dynamics: A Multi-Robot Task Allocation
               Algorithm Based on Vacancy Chains",
institution = "Center for Robotics and Embedded Systems, University of
Southern
               California",
number      = "CRES-002-07",
year        = 2002}

@INPROCEEDINGS{BurchardFeddema96,
 AUTHOR="Ross L.~Burchard and John T.~Feddema",
 TITLE="Generic Robotic and Motion Control {API} Based on {GISC}-{K}it 
        Technology and {CORBA} Communications",  
 PAGES="712--717",
 BOOKTITLE=ICRA,
 month = apr,
 address="Minneapolis, Minnesota",
 YEAR=1997,
  url="http://fnord.usc.edu/internal/papers/BurchardFeddema96.pdf"
}

@techreport{Jennings98,
  author="James S.~Jennings",
  title="Threaded Servers Enable Thin Robot Clients",
  year=1998,
  institution="Computer Science Dept., Tulane University",
  url="http://fnord.usc.edu/internal/papers/Jennings98.ps.gz"
}

@inproceedings{PeterssonAustinChristensen01,
  author="Lars Petersson and David Austin and Henrik Christensen",
  title="{DCA: A Distributed Control Architecture for Robotics}",
  booktitle=IROS,
  pages="2361--2368",
  address = "Wailea, Hawaii",
  year = 2001,
  month=oct}

@article{MarzulloCooper91,
  author="Keith Marzullo and Robert Cooper and Mark D. Wood and
          Kenneth P. Birman",
  title="{Tools for Distributed Application Management}",
  journal="IEEE Computer",
  volume=24,
  number=8,
  pages="42--51",
  month=aug,
  year=1991
}

@misc{orocos-web,
  key="OROCOS",
  title="{The OROCOS project}",
  note="http://www.orocos.org"
}

@InProceedings{HowardMataricSukhatme03,
  author = "Andrew Howard and Maja J Matari\'c and Gaurav S Sukhatme",
  title = "{Putting the `I' in `Team': An Ego-Centric Approach to Cooperative 
            Localization}",
  booktitle =  ICRA,
  year =      2003,
  address =   "Taipei, Taiwan",
  month =     sep,
  note =      toappear
}


@InProceedings{TewsMataricSukhatme03,
  author = "Ashley Tews and Maja J Matari\'c and Gaurav S Sukhatme",
  title = "{A Scalable Approach to Human-Robot Interaction}",
  booktitle =  ICRA,
  year =      2003,
  address =   "Taipei, Taiwan",
  month =     sep,
  note =      toappear
}

@manual{GPL,
  title="GNU General Public License",
  author="{Free Software Foundation}",
  year=1991,
  month=jun,
  note="Version 2",
  url="http://fnord.usc.edu/internal/papers/gpl.txt"
}

@inproceedings{JakobiHusbandsHarvey97,
  author="Nick Jakobi and Phil Husbands and Inman Harvey",
  title="{Noise and the Reality Gap: The Use of Simulation in 
          Evolutionary Robotics}",
  year=1997,
  booktitle=ECAL,
  address="Granada, Spain"
}

@inproceedings{Holness01,
  author="Gary Holness and Deepak Karuppiah and Subramanya Uppala and
          Roderic Grupen",
  title="{A Service Paradigm for Reconfigurable Agents}",
  booktitle="Proceedings of the Second International Workshop on 
             Infrastructure for Agents, MAS, and Scalable MAS at Autonomous 
             Agents 2001",
  month=may,
  address="Montreal, Canada",
  year=2001,
}

@article{Waldo99,
  author="Jim Waldo",
  title="{The Jini Architecture for Network-Centric Computing}",
  journal="Communications of the ACM",
  volume=42,
  number=7,
  pages="76--82",
  month=jul,
  year=1999
}

@manual{CORBA,
  author="{Object Management Group, Inc.}",
  title="{The Common Object Request Broker: Architecture and
          Specification, Version 3.0}",
  month=jul,
  year=2002, 
}

@manual{mobility,
  author="{iRobot Corporation}",
  title="Mobility Software",
  note="www.irobot.com"
}
  
@Article{Jakobi:ab97,
  author = 	 {Nick Jakobi},
  title = 	 {Evolutionary robotics and the radical envelope of noise
hypothesis},
  journal = 	 {Adaptive Behavior},
  year = 	 {1997},
  volume = 	 {6},
  number = 	 {2},
  pages = 	 {325-368},
 }

@article{GerkeyMataric02b,
  author="Brian P.~Gerkey and Maja J~Matari\'{c}",
  title="{Sold!: Auction methods for multi-robot coordination}",
  journal = 	 {IEEE Transactions on Robotics and Autonomous Systems},
  year=2002,
  volume=18,
  number=5,
  month=oct,
  pages="758--768",
}

@InProceedings{VaughanStoySukhatmeMataric00a,
  author = "Richard T.~Vaughan and Kasper St\o{}y and Gaurav S~Sukhatme and 
               Maja J~Matari\'{c}",
  title = "Go ahead, make my day: Robot conflict resolution by aggressive 
              competition",
  booktitle =SAB,
  month=sep,
  year = 2000,
  pages = "491-500",
  address="Paris, France"
}

@Article{Vaughan02:LOST-tra,
author = {Richard T. Vaughan and Kasper St\o{}y and Andrew Howard and Gaurav Sukhatme and Maja J. Matari\'{c}}, 
  title = 	 {LOST: Localization-Space Trails for Robot Teams},
  journal = 	 {IEEE Transactions on Robotics and Autonomous Systems},
  year=2002,
  volume=18,
  number=5,
  month=oct,
  pages="796-812",
}

@Manual{stagemanual,
  title = 	 "Stage User Manual 1.3",
  author = 	 "Richard T. Vaughan and  Andrew Howard and Brian P. Gerkey",
  organization = "Player/Stage Project",
  address = 	 "http://playerstage.sourceforge.net",
  month = 	 nov,
  year = 	 2002
}

@Manual{playermanual,
  title = 	 {Stage Users Manual},
  OPTkey = 	 {},
  OPTauthor = 	 {Brian P. Gerkey and  Andrew Howard and Richard T. Vaughan },
  organization = {Player/Stage Project},
  address = 	 {http://playerstage.sourceforge.net},
  OPTedition = 	 {},
  OPTmonth = 	 {},
  OPTyear = 	 {},
  OPTnote = 	 {},
  OPTannote = 	 {}
}

@techreport{VaughanGerkeyHoward03,
  author="Richard T. Vaughan and Brian P. Gerkey and Andrew Howard",
  title="On device abstractions for portable, reusable robot code",
  number = "CRES-03-009",
  institution="Center for Robotics and Embedded Systems, 
               School of Engineering, University of Southern California",
  address="Los Angeles, California",
  month=apr,
  year=2003
}

@misc{RFC1112,
  author="S.~E.~Deering",
  year=1989,
  month=aug,
  title="{RFC 1112}: Host extensions for {IP} multicasting",
  url="http://fnord.usc.edu/internal/papers/RFC1112.txt"
}

@misc{RFC768,
  author="Jon Postel",
  year=1980,
  month=aug,
  title="{RFC 768: User Datagram Protocol}"
}

@misc{RFC793,
  author="Jon Postel",
  year=1981,
  month=sep,
  title="{RFC 793: Transmission Control Protocol}"
}
