% ------------------------------------------------------------------------
References used in 31_introduction.tex
% ------------------------------------------------------------------------

@book{31_Gamma1995,
   Author = {Gamma, E. and Helm, R. and Johnson, R. and Villisides, J.},
   Title = {Design Patterns: Elements of Reusable Object Oriented Software},
   Publisher = {Addison-Wesley},
   Year = {1995}
}

@INBOOK{31_CoplienSchmidt1995,
  author =       "Coplien, J.O. and Schmidt, D.C. ",
  title =        "Pattern Languages of Program Design",
  year =         "1995",
  chapter =      "Frameworks and Components",
  pages =        "1-5",
  publisher =     "Addison-Wesley",
}

@ARTICLE{31_Schmid1995,
  author =       "Schmid, H.A.",
  title =        "Creating the Architecture of a Manufacturing Framework by Design Patterns.",
  journal =      "Proceedings of OOPSLA'95",
  year =         "1995",
  publisher =     "SIGPLAN ACM",
}

@ARTICLE{31_JohnsonFoote1988,
  author =       "Johnson, R.E. and Foote, B.",
  title =        "Designing Reusable Classes.",
  journal =      "Journal of Object-Oriented Programming",
  year =         "1988",
  month =        "June",
}

The Framework Life Span. {\it }, Vol. 40, No. 10, October 1997.

@ARTICLE{31_Brugali1997,
  author =       "Brugali, D. and Menga, G. and Aarsten, A.",
  title =        "The Framework Life Span.",
  journal =      "Communication of the ACM",
  year =         "1997",
  volume =       "40",
  number =       "10",
  pages =        "65-68",
  month =        "October",
}


@ARTICLE{31_Mili2002,
  author =       "Hafedh Mili and Mohamed Fayad and Davide Brugali and David Hamu and Dov Dori",
  title =        "Enterprise frameworks: issues and research directions",
  journal =      "Software Practice and Experience",
  year =         "2002",
  volume =       "32",
  pages =        "801-831",
}


% ------------------------------------------------------------------------
References used in 32_chapter.tex
% ------------------------------------------------------------------------
@STRING{SOSP = "Proc. of the Symposium on Operating Systems Principles"}
@STRING{IROS = "Proc. of the IEEE/RSJ Intl. Conf. on 
                Intelligent Robots and Systems (IROS)"}
@STRING{ICAR = "Proc. of the Intl. Conf. on
                Advanced Robotics (ICAR)"}
@STRING{CACM = "Communications of the ACM"}
@STRING{ISER = "Proc. of the International Symp. on Experimental 
                Robotics (ISER)"}
@STRING{ICRA = "Proc. of the IEEE Intl. Conf. on
                 Robotics and Automation (ICRA)"}

@Misc{32_castek00component,
  author    =    {Castek},
  title    =     {Component-based Development: The Concepts, Technology and Methodology},
  howpublished = {Castek Company's white paper, available at www.castek.com},
  year    =      {2000},
}

@inproceedings{32_vfh,
  author = "Iwan Ulrich and Johann Borenstein",
  title = "{VFH+: Reliable Obstacle for Fast Mobile Robots}",
  booktitle = ICRA,
  month = may,
  address = "Leuven, Belgium",
  year = 1998,
  pages = "1572--1577"
}

@book{32_osbook,
  author = "Avi Silberschatz and Peter Baer Galvin and Greg Gagne",
  title = "Operating System Concepts",
  publisher = "J. Wiley \& Sons, Inc.",
  address="New York",
  year = 2005,
  edition="{Seventh}"
}

@inproceedings{32_IPC,
  author = "Reid Simmons and Gregory Whelan",
  title = "Visualization Tools for Validating Software of Autonomous
  Spacecraft",
  booktitle = "Proc. of the Intl. Symp. on Artificial Intelligence,
  Robotics, and Automation in Space",
  month = jul,
  year = 1997
}

@manual{32_CORBA,
  author="{Object Management Group, Inc.}",
  title="{The Common Object Request Broker: Architecture and
          Specification, Version 3.0}",
  month=jul,
  year=2002, 
}

@article{32_ACETAO,
  author = "Douglas C. Schmidt and David L. Levine and Sumedh Mungee",
  title = "The design of the {TAO} real-time object request broker",
  journal = "Computer Communications",
  volume=21,
  number=4,
  pages="291--403",
  month=apr,
  year=1998
}

@article{32_Waldo99,
  author="Jim Waldo",
  title="{The Jini Architecture for Network-Centric Computing}",
  journal=CACM,
  volume=42,
  number=7,
  pages="76--82",
  month=jul,
  year=1999
}

@misc{32_RFC1014,
  author="{Network Working Group, Sun Microsystems, Inc.}",
  year=1987,
  month=jun,
  title="{RFC} 1014 -- {XDR}: External Data Representation standard",
}

@InProceedings{32_Zhang06,
  author = 	 {Yinan Zhang and Richard Vaughan},
  title = 	 {Ganging up: Team-Based Aggression Expands the Population/Performance Envelope in a Multi-Robot System},
  booktitle = ICRA,
  year = 	 {2006},
}

@InProceedings{32_wilson:animat,
  author = 	 {Stuart W. Wilson},
  title = 	 {Knowledge Growth in an Artificial Animal},
  booktitle = 	 {Proc. Int. Conf. Genetic Algorithms and their applications (ICGA85), Pittsburgh PA.},
  year = 	 {1985},
 editor = 	 {J. J. Grefenstette},
 address = 	 {Hillsdale NJ.},
   publisher = {Lawrence Erlbaum Associates},
}

@Article{32_jakobi:ab,
  author = 	 {Nick Jakobi},
  title = 	 {Evolutionary robotics and the radical envelope of noise
hypothesis},
  journal = 	 {Adaptive Behavior},
  year = 	 {1997},
  volume = 	 {6},
  number = 	 {2},
  pages = 	 {325-368},
 }

@Article{32_ThrunFox03,
  author = 	 {S. Thrun and D. Fox and W. Burgard and F. Dellaert},
  title = 	 {Robust Monte Carlo localization for mobile robots}, 
  journal = 	 {Artificial Intelligence},
  year = 	 {2000},
  volume = 	 {128},
  number = 	 {1-2},
  pages = 	 {99-141},
}

@inproceedings{32_iser04,
title = "Centibots: Very large scale distributed robotic teams",
author = "Kurt Konolige and Charlie Ortiz and Regis Vincent and Benoit
Morisset and Andrew Agno and Michael Eriksen and Dieter Fox and Benson
Limketkai and Jonathan Ko and Benjamin Stewart and Dirk Schulz",
booktitle = ISER,
address = "Singapore",
month = jun,
year = 2004
}

@inproceedings{32_FeiertagOrganick71,
  author="R.J. Feiertag and E.I. Organick",
  title="{The Multics input/output system}",
  booktitle=SOSP,
  month=oct,
  year=1971,
  address="New York",
  pages="35--41"
}

@article{32_RitchieThompson74,
  author="Dennis M.~Ritchie and Ken Thompson",
  title="{The UNIX Time-Sharing System}",
  journal=CACM,
  volume=17,
  number=7,
  pages="365--375",
  month=oct,
  year=1974
}

@inproceedings{32_GerkeyVaughan01a,
  author="Brian P. Gerkey and Richard T.~Vaughan and Kasper St\o{}y and Andrew 
           Howard and Gaurav S Sukhtame and Maja J Matari\'{c}",
  title="{Most Valuable Player: A Robot Device Server for Distributed Control}",
  booktitle = IROS,
  address = "Wailea, Hawaii",
  year = 2001,
  month=oct,
  pages = "1226--1231",
}

@inproceedings{32_GerkeyVaughanHoward03,
  author="Brian P. Gerkey and Richard T. Vaughan and Andrew Howard",
  title="{The Player/Stage Project: Tools for Multi-Robot and Distributed
          Sensor Systems}",
  booktitle =  ICAR,
  year =      2003,
  address =   "Coimbra, Portugal",
  month =     jun,
  pages="317--323"
}

@BOOK{32_TannenbaumNetworks,
 AUTHOR="Andrew S.~Tannenbaum",
 TITLE="Computer Networks",
 PUBLISHER="Prentice Hall PTR",
 YEAR=1996,
 address="Upper Saddle River, New Jersey",
 EDITION="{Third}"
}



@inproceedings{32_Roy03IROS,
  author =     {Michael Montemerlo and Nicholas Roy and Sebastian Thrun},
  title =      {Perspectives on Standardization in Mobile Robot Programming:
                The {C}arnegie {M}ellon {N}avigation ({CARMEN}) Toolkit},
  booktitle =  IROS,
  pages =      {2436--2441},
  year =     {2003},
  address =      {Las Vegas, Nevada},
  month =      oct
}

@InProceedings{32_swig,
  author = 	 {David M. Beazley},
  title = 	 {SWIG : An Easy to Use Tool For Integrating Scripting Languages with C and C++},
  booktitle = {Fourth Annual USENIX Tcl/Tk Workshop},
  year = 	 {1996},
  address = 	 {Livermore, California},
  month = 	 {July},
  organization = {USENIX},
}


@InProceedings{32_alankus05,
  author = 	 {G. Alankus and N. Atay and C. Lu and B. Bayazit},
  title = 	 {Spatiotemporal Query Strategies for navigation in dynamic sensor network environments},
  booktitle = IROS,
  year = 	 {2005},
}

@InProceedings{32_haasch05,
  author = 	 {A. Hassch and N. Hofemann and J. Fritsch and G. Sagerer},
  title = 	 {A multi-modal object attention system for a mobile robot},
  booktitle = IROS,
  year = 	 {2005},
}

@InProceedings{32_topp05,
  author = 	 {E. Topp and H. Christensen},
  title = 	 {Tracking for Following and Passing Persons},
  booktitle = IROS,
  year = 	 {2005},
}

@InProceedings{32_shao05,
  author = 	 {inyan Shao, Guangming Xie, Junzhi Yu and Long Wang},
  title = 	 {A Tracking Controller for Motion Coordination of Multiple Mobile Robots},
  booktitle = IROS,
  year = 	 {2005},
}


% ------------------------------------------------------------------------
References used in 33_chapter.tex
% ------------------------------------------------------------------------

@Misc{33_castek00component,
  author    =    {Castek},
  title    =     {Component-based Development: The Concepts, Technology and Methodology},
  howpublished = {Castek Company's white paper, available at www.castek.com},
  year    =      {2000},
}


% ------------------------------------------------------------------------
References used in 34_chapter.tex
% ------------------------------------------------------------------------

@Misc{34_castek00component,
  author    =    {Castek},
  title    =     {Component-based Development: The Concepts, Technology and Methodology},
  howpublished = {Castek Company's white paper, available at www.castek.com},
  year    =      {2000},
}


% ------------------------------------------------------------------------
References used in 35_chapter.tex
% ------------------------------------------------------------------------

@Misc{35_castek00component,
  author    =    {Castek},
  title    =     {Component-based Development: The Concepts, Technology and Methodology},
  howpublished = {Castek Company's white paper, available at www.castek.com},
  year    =      {2000},
}

% ------------------------------------------------------------------------
References used in 36_chapter.tex
% ------------------------------------------------------------------------

@Misc{36_castek00component,
  author    =    {Castek},
  title    =     {Component-based Development: The Concepts, Technology and Methodology},
  howpublished = {Castek Company's white paper, available at www.castek.com},
  year    =      {2000},
}

% ------------------------------------------------------------------------
References used in 37_sidebar.tex
% ------------------------------------------------------------------------

@Misc{37_castek00component,
  author    =    {Castek},
  title    =     {Component-based Development: The Concepts, Technology and Methodology},
  howpublished = {Castek Company's white paper, available at www.castek.com},
  year    =      {2000},
}
